[gd_scene load_steps=25 format=2]

[ext_resource path="res://scenes/Room.tscn" type="PackedScene" id=1]
[ext_resource path="res://scripts/Ark.gd" type="Script" id=2]
[ext_resource path="res://scenes/HUD.tscn" type="PackedScene" id=3]
[ext_resource path="res://scenes/Engine.tscn" type="PackedScene" id=4]
[ext_resource path="res://assets/Ark/Ark.png" type="Texture" id=5]
[ext_resource path="res://scenes/Shaders.tscn" type="PackedScene" id=6]
[ext_resource path="res://assets/Ark/drill/frame/frame4.png" type="Texture" id=7]
[ext_resource path="res://assets/Ark/drill/frame/frame6.png" type="Texture" id=8]
[ext_resource path="res://assets/Ark/drill/frame/frame5.png" type="Texture" id=9]
[ext_resource path="res://assets/Ark/drill/frame/frame3.png" type="Texture" id=10]
[ext_resource path="res://assets/Ark/drill/frame/frame1.png" type="Texture" id=11]
[ext_resource path="res://assets/Ark/drill/frame/frame2.png" type="Texture" id=12]
[ext_resource path="res://assets/Ark/plantes/plante 3.png" type="Texture" id=13]
[ext_resource path="res://assets/Ark/plantes/plante 2.png" type="Texture" id=14]
[ext_resource path="res://assets/Ark/plantes/plante 1.png" type="Texture" id=15]
[ext_resource path="res://scenes/Frost.tscn" type="PackedScene" id=16]
[ext_resource path="res://music/BGM/BGM02.ogg" type="AudioStream" id=17]
[ext_resource path="res://music/SFX/Frost01.wav" type="AudioStream" id=18]
[ext_resource path="res://music/SFX/Excavation.wav" type="AudioStream" id=19]
[ext_resource path="res://scenes/SoundControl.tscn" type="PackedScene" id=20]
[ext_resource path="res://scenes/BrokenEngine.tscn" type="PackedScene" id=21]

[sub_resource type="SpriteFrames" id=1]
animations = [ {
"frames": [ ExtResource( 11 ), ExtResource( 12 ), ExtResource( 10 ), ExtResource( 7 ), ExtResource( 9 ), ExtResource( 8 ) ],
"loop": true,
"name": "Drill",
"speed": 24.0
} ]

[sub_resource type="SpriteFrames" id=2]
animations = [ {
"frames": [ ExtResource( 15 ), ExtResource( 14 ), ExtResource( 13 ), ExtResource( 14 ) ],
"loop": true,
"name": "default",
"speed": 1.0
} ]

[sub_resource type="RectangleShape2D" id=3]
extents = Vector2( 136.474, 47.7123 )

[node name="Arch" type="KinematicBody2D"]
script = ExtResource( 2 )

[node name="Sprite" type="Sprite" parent="."]
position = Vector2( 255, 260 )
z_index = 5
texture = ExtResource( 5 )

[node name="Drill3" type="AnimatedSprite" parent="Sprite"]
position = Vector2( 92.2328, 239.263 )
rotation = -0.698132
scale = Vector2( 0.6, 0.6 )
z_index = 4
z_as_relative = false
frames = SubResource( 1 )
animation = "Drill"
frame = 2
speed_scale = 0.95
playing = true

[node name="Drill1" type="AnimatedSprite" parent="Sprite"]
position = Vector2( -128.416, 200.371 )
rotation = 0.698132
scale = Vector2( 0.6, 0.6 )
z_index = 4
z_as_relative = false
frames = SubResource( 1 )
animation = "Drill"
frame = 1
speed_scale = 0.9
playing = true

[node name="Drill2" type="AnimatedSprite" parent="Sprite"]
position = Vector2( -25.0716, 255.607 )
scale = Vector2( 0.6, 0.6 )
z_index = 4
z_as_relative = false
frames = SubResource( 1 )
animation = "Drill"
frame = 2
speed_scale = 1.05
playing = true

[node name="AnimatedSprite" type="AnimatedSprite" parent="Sprite"]
position = Vector2( -108.068, -28.2755 )
frames = SubResource( 2 )
frame = 3
speed_scale = 0.95
playing = true

[node name="AnimatedSprite3" type="AnimatedSprite" parent="Sprite"]
position = Vector2( -52.9185, -28.1269 )
frames = SubResource( 2 )
frame = 2
speed_scale = 1.05
playing = true

[node name="AnimatedSprite2" type="AnimatedSprite" parent="Sprite"]
position = Vector2( -79.9729, -28.4242 )
frames = SubResource( 2 )
frame = 1
playing = true

[node name="HUD" parent="." instance=ExtResource( 3 )]

[node name="BrokenEngine" parent="." instance=ExtResource( 21 )]
position = Vector2( 345.5, 234 )
z_index = 10

[node name="Rooms" type="Node2D" parent="."]
position = Vector2( 0, -100 )
__meta__ = {
"_edit_group_": true
}

[node name="BoilerRoom" parent="Rooms" instance=ExtResource( 1 )]
position = Vector2( 147.929, 154.218 )

[node name="ColorRect" parent="Rooms/BoilerRoom" index="0"]
margin_left = -2.0
margin_right = 225.0
margin_bottom = 85.0

[node name="WorkerSpawn" parent="Rooms/BoilerRoom" index="1"]
position = Vector2( 51, 90 )

[node name="GreenHouse" parent="Rooms" instance=ExtResource( 1 )]
position = Vector2( 130.177, 286.907 )

[node name="ColorRect" parent="Rooms/GreenHouse" index="0"]
margin_right = 96.0
margin_bottom = 94.0

[node name="WorkerSpawn" parent="Rooms/GreenHouse" index="1"]
position = Vector2( 70, 92 )

[node name="EngineRoom" parent="Rooms" instance=ExtResource( 1 )]
position = Vector2( 296.425, 290.858 )

[node name="ColorRect" parent="Rooms/EngineRoom" index="0"]
margin_left = -2.24493
margin_top = -5.6123
margin_right = 88.7551
margin_bottom = 86.3877

[node name="WorkerSpawn" parent="Rooms/EngineRoom" index="1"]
position = Vector2( 50, 90 )

[node name="Engine" parent="Rooms/EngineRoom" instance=ExtResource( 4 )]
position = Vector2( 47.8564, 47.7804 )
z_index = 6

[node name="Cockpit" parent="Rooms" instance=ExtResource( 1 )]
position = Vector2( 170, 440 )

[node name="ColorRect" parent="Rooms/Cockpit" index="0"]
margin_right = 169.0
margin_bottom = 109.0

[node name="WorkerSpawn" parent="Rooms/Cockpit" index="1"]
position = Vector2( 50, 110 )

[node name="Shaders" parent="." instance=ExtResource( 6 )]
position = Vector2( 0, -100 )

[node name="Shape" type="CollisionShape2D" parent="."]
position = Vector2( 256.957, 472 )
shape = SubResource( 3 )

[node name="Frost" parent="." instance=ExtResource( 16 )]
visible = false

[node name="AudioStreamPlayer" type="AudioStreamPlayer" parent="."]
stream = ExtResource( 17 )
volume_db = -4.0
autoplay = true

[node name="SoundExcavation" type="AudioStreamPlayer" parent="."]
stream = ExtResource( 19 )
volume_db = -18.0
autoplay = true

[node name="SoundFrost" type="AudioStreamPlayer" parent="."]
stream = ExtResource( 18 )

[node name="SoundControl" parent="." instance=ExtResource( 20 )]
position = Vector2( 455, 15 )
z_index = 100

[connection signal="broken" from="Rooms/EngineRoom/Engine" to="." method="_on_Engine_broken"]
[connection signal="repair" from="Rooms/EngineRoom/Engine" to="." method="_on_Engine_repair"]
[connection signal="control_music" from="SoundControl" to="." method="_on_SoundControl_control_music"]

[editable path="Rooms/BoilerRoom"]
[editable path="Rooms/GreenHouse"]
[editable path="Rooms/EngineRoom"]
[editable path="Rooms/Cockpit"]
